%%% 
%%% EXAMPLE OF BIBLIOGRAPHIC DATABASE 
%%% FOR THE GENERATION OF THE LIST OF REFERENCES USING BibTeX 
%%% 
%%%  AUTHORS:  Arnost Komarek (komarek@karlin.mff.cuni.cz), 2011
%%%            Michal Kulich (kulich@karlin.mff.cuni.cz), 2013
%%% 
%%% Recommended software for the maintenance of bibliographic databases:
%%%     JabRef, http://jabref.sourceforge.net/
%%% 
%%% WARNING!
%%%    1. Letters in the titles to be always printed in uppercase 
%%%       must be enclosed in braces  ({T}hailand, {HIV})
%%%    2. After each change in the citations or in the bib file the entire document 
%%%       must be recompiled by the sequence latex+bibtex+latex+latex
%%%%  ===========================================================================

@BOOK{PraskovaLachout12,
  title = {Z\'aklady n\'ahodn\'ych proces\r{u} I.},
  publisher = {Matfyzpress},
  year = {2012},
  author = {Pr\'a\v{s}kov\'a, Zuzana and {L}achout, Petr},
  address = {Praha},
  series = {Second edition}, %{Vyd\'an\'{\i} druh\'e},
}

@BOOK{Andel11,
  title = {Z\'aklady matematick\'{e} statistiky},
  publisher = {Matfyzpress},
  year = {2011},
  author = {And\v{e}l, Ji\v{r}\'{i}},
  address = {Praha},
  series = {Third edition}, %{Vyd\'an\'{\i} druh\'e},
}

@BOOK{Stepan87,
  title = {Teorie pravd\v{e}podobnosti},
  publisher = {Academia},
  year = {1987},
  author = {\v{S}t\v{e}p\'{a}n, Josef},
  address = {Praha},
  %series = {Third edition}, 
}

@BOOK{Applebaum04,
  title = {L\'evy Processes and Stochastic Calculus},
  publisher = {Cambridge University Press},
  year = {2004},
  author = {{A}pplebaum, David},
  address = {New York},
  series = {First edition},
}

@BOOK{Pflug14,
  title = {Multistage Stochastic Optimization},
  publisher = {Springer},
  year = {2014},
  author = {Pflug, Georg Ch. and Pichler, Alois},
  address = {New York},
  series = {First edition},
}

@BOOK{Mandl85,
  title = {Pravd\v{e}podobnostn\'{i} dynamick\'{e} modely},
  publisher = {Academia},
  year = {1985},
  author = {{M}andl, Petr},
  address = {Praha},
  series = {First edition}, %{Prvn\'{i} vyd\'{a}n\'{i}},
  %isbn = {}
}

@book{Doob90,
  title={Stochastic processes},
  author={Doob, Joseph Leo},
  lccn={52011857},
  series={Wiley publications in statistics},
  year={1990},
  publisher={Wiley}
}

@book{Davis93,
  title={Markov Models \& Optimization},
  author={Davis, Mark H. A.},
  series={Monographs on Statistics \& Applied Probability},
  year={1993},
  publisher={Taylor \& Francis}
}

@book{Fan03,
  title={Local Polynomial Modelling and Its Applicatons},
  author={Jianqing Fan and Irene Gijbels},
  series={Monographs on Statistics \& Applied Probability},
  year={2003},
  publisher={Chapman \& Hall/CRC}
}

@book{Kroese11,
   title = "Handbook of Monte Carlo methods",
   author = "Kroese, Dirk P. and Taimre, Thomas and Botev, Zdravko I.",
   series = "Wiley series in probability and statistics",
   publisher = "Hoboken, N.J. Wiley",
   year = 2011
}

@article{Cleveland79,
    author  = "William S. Cleveland",
    title   = "{R}obust {L}ocally {W}eighted {R}egression and {S}moothing {S}catterplots",
    year    = "1979",
    journal = "Journal of the American Statistical Association",
    volume  = "74",
    number  = "368",
    pages   = "829--836"
}

@article{Cleveland88,
    author  = "William S. Cleveland and Susan J. Devlin",
    title   = "Locally Weighted Regression: An Approach to Regression Analysis by Local Fitting",
    year    = "1988",
    journal = "Journal of the American Statistical Association",
    volume  = "83",
    number  = "403",
    pages   = "596--610"
}

@article{Dupacova06,
    author  = "Jitka Dupa\v{c}ov\'{a}",
    title   = "Optimization under Exogenous and Endogenous Uncertainty",
    year    = "2006",
    publisher = "Charles University in Prague",
}

@article{Goel06,
    author  = "Vikas Goel and Ignacio E. Grossmann",
    title   = "A Class of Stochastic Programs with Decision Dependent Uncertainty",
    year    = "2006",
    journal = "Mathematical Programming",
    volume  = "108",
    pages   = "355--394"
}

@article {Lewis79,
		author = {Lewis, P. A. W and Shedler, G. S.},
		title = {Simulation of nonhomogeneous poisson processes by thinning},
		journal = {Naval Research Logistics Quarterly},
		volume = {26},
		number = {3},
		publisher = {Wiley Subscription Services, Inc., A Wiley Company},
		pages = {403--413},
		year = {1979},
}

@article {Williams13,
		author = {Kevin R. Williams},
		title = {Dynamic Airline Pricing and Seat Availability},
		publisher = {Department of Economics, University of Minnesota},
		year = {2013},
}
